@manual{NBR10520:2002,
	Address = {Rio de Janeiro},
	Org-Short = {{Associação Brasileira de Normas Técnicas}},
	Organization = {Associação Brasileira de Normas Técnicas},
	Subtitle = {informação e documentação: citações
	em documentos --- Apresentação},
	Title = {{NBR} 10520},
	Year = 2002}

@manual{NBR6023:2002,
	Address = {Rio de Janeiro},
	Org-Short = {{Associação Brasileira de Normas Técnicas}},
	Organization = {Associação Brasileira de Normas Técnicas},
	Subtitle = {informação e documentação: referências: apresentação},
	Title = {{NBR} 6023},
	Year = 2002}

@manual{NBR6024:2012,
	Address = {Rio de Janeiro},
	Org-Short = {{Associação Brasileira de Normas Técnicas}},
	Organization = {Associação Brasileira de Normas Técnicas},
	Subtitle = {informação e documentação: numeração progressiva das seções de um documento escrito: apresentação},
	Title = {{NBR} 6024},
	Year = 2012}

@manual{NBR6027:2012,
	Address = {Rio de Janeiro},
	Org-Short = {{Associação Brasileira de Normas Técnicas}},
	Organization = {Associação Brasileira de Normas Técnicas},
	Subtitle = {informação e documentação: sumário: apresentação},
	Title = {{NBR} 6027},
	Year = 2012}

@manual{NBR6028:2003,
	Address = {Rio de Janeiro},
	Org-Short = {{Associação Brasileira de Normas Técnicas}},
	Organization = {Associação Brasileira de Normas Técnicas},
	Subtitle = {informação e documentação: resumo: apresentação},
	Title = {{NBR} 6028},
	Year = 2003}

@manual{NBR14724:2011,
	Address = {Rio de Janeiro},
	Org-Short = {{Associação Brasileira de Normas Técnicas}},
	Organization = {Associação Brasileira de Normas Técnicas},
	Subtitle = {informação e documentação: trabalhos acadêmicos: apresentação},
	Title = {{NBR} 14724},
	Year = 2011}

@book{ibge1993,
	Address = {Rio de Janeiro},
	Author = {{Instituto Brasileiro de Geografia e Estatística}},
	Edition = {3},
	Org-Short = {{Instituto Brasileiro de Geografia e Estatística}},
	Organization = {Fundação Instituto Brasileiro de Geografia e Estatística},
	Publisher = {Centro de Documentação e Disseminação de Informações},
	Title = {Normas de apresentação tabular},
	Url = {http://biblioteca.ibge.gov.br/visualizacao/livros/liv23907.pdf},
	urldate = {2019-08-16},
	pages = 62,
	Year = {1993}}

@book{ibge2016,
	Address = {Rio de Janeiro},
	Author = {{Instituto Brasileiro de Geografia e Estatística}},
	Edition = {2},
	Org-Short = {{Instituto Brasileiro de Geografia e Estatística}},
	Organization = {Instituto Brasileiro de Geografia e Estatística},
	Publisher = {Centro de Documentação e Disseminação de Informações},
	Title = {Arranjos populacionais e concentrações urbanas no Brasil},
	Url = {https://biblioteca.ibge.gov.br/visualizacao/livros/liv99700.pdf},
	urldate = {2019-08-16},
	pages = 167,
	Year={2016}}

@manual{abntex2classe,
	Author = {Lauro César Araujo},
	Organization = {Equipe abnTeX2},
	Title = {A classe abntex2},
	Subtitle = {Modelo canônico de trabalhos acadêmicos brasileiros compatível com as normas ABNT NBR 14724:2011, ABNT NBR 6024:2012 e outras},
	Url = {http://www.abntex.net.br/},
	urldate = {2019-08-16},
	Year = {2015}}
